<record><leader>00000cas a22000007a 4500</leader><controlfield tag="001">32931652</controlfield><controlfield tag="008">950807d185218uumeuuu ne      0    0eng d</controlfield><datafield ind1=" " ind2=" " tag="010"><subfield code="a">sn 95067857 </subfield></datafield><datafield ind1=" " ind2=" " tag="040"><subfield code="a">MBN</subfield><subfield code="b">eng</subfield><subfield code="c">MBN</subfield><subfield code="d">OCL</subfield><subfield code="d">OCLCQ</subfield><subfield code="d">OCLCF</subfield><subfield code="d">OCLCO</subfield></datafield><datafield ind1=" " ind2=" " tag="042"><subfield code="a">msc</subfield></datafield><datafield ind1=" " ind2=" " tag="043"><subfield code="a">n-us-me</subfield></datafield><datafield ind1="0" ind2=" " tag="130"><subfield code="a">Eastern light (Gardiner, Me.)</subfield></datafield><datafield ind1="1" ind2="0" tag="245"><subfield code="a">Eastern light.</subfield></datafield><datafield ind1=" " ind2=" " tag="260"><subfield code="a">Gardiner, Me. :</subfield><subfield code="b">James A. Clay</subfield></datafield><datafield ind1=" " ind2=" " tag="300"><subfield code="a">v.</subfield></datafield><datafield ind1=" " ind2=" " tag="588"><subfield code="a">Description based on: Vol. 1, no. 3 (Sept. 1, 1852).</subfield></datafield><datafield ind1=" " ind2="0" tag="651"><subfield code="a">Gardiner (Me.)</subfield><subfield code="v">Newspapers.</subfield></datafield><datafield ind1=" " ind2="7" tag="655"><subfield code="a">Newspapers.</subfield><subfield code="2">fast</subfield><subfield code="0">(OCoLC)fst01423814</subfield></datafield><datafield ind1=" " ind2="7" tag="651"><subfield code="a">Maine</subfield><subfield code="z">Gardiner.</subfield><subfield code="2">fast</subfield><subfield code="0">(OCoLC)fst01223541</subfield></datafield><datafield ind1=" " ind2=" " tag="752"><subfield code="a">United States</subfield><subfield code="b">Maine</subfield><subfield code="c">Kennebec</subfield><subfield code="d">Gardiner.</subfield></datafield></record>